Synthèse totale
@article{Movassaghi09,
    author  = "M. Movassaghi AND M. Tjandra AND J. Qi",
    year    = "2009",
    journal = "J. Am. Chem. Soc.",
    volume  = "131",
    pages   = "9648--9650"
}

Approaches to the synthesis, Himandrine2
@article{OConnor10,
    author  = "P.D. O'Connor AND G.D. Signore AND M.M.W. McLachlan AND A.C. Willis AND L.N. Mander",
    year    = "2010",
    journal = "Aust. J. Chem.",
    volume  = "63",
    pages   = "1477--1491"
}

Himandrine3
J. Am. Chem. Soc., 2015, 137 (34), pp 11197–11204
DOI: 10.1021/jacs.5b07710
@article{Larson15,
    author  = "R.T Larson AND R.P. Pemberton AND J.M. Franke AND D.J. Tantillo AND R.J. Thompson",
    year    = "2015",
    journal = "J. Am. Chem. Soc.",
    volume  = "137",
    number  = "34",
    pages   = "11197--11204"
}

Enders, D.; Hüttl, M. R. M.; Grondal, C.; Raabe, G. Nature 2006, 441, 861–863.
@article{Raabe06,
    author  = "D. Enders AND M.R.M. H\"{u}ttl AND C. Grondal AND G. Raabe",
    year    = "2006",
    journal = "Nature",
    volume  = "441",
    pages   = "861--863"
}

Corey, E. J.; Chaykovsky, M. (1965). "Dimethyloxosulfonium Methylide ((CH3)2SOCH2) and Dimethylsulfonium Methylide ((CH3)2SCH2). Formation and Application to Organic Synthesis". J. Am. Chem. Soc. 87 (6): 1353–1364. doi:10.1021/ja01084a034.
@article{Corey65,
    author  = "E.J. Corey AND M. Chaykovsky",
    year    = "1965",
    journal = "J. Am. Chem. Soc.",
    volume  = "87",
    number  = "6",
    pages   = "1353--1364"
}

Whiting, A.; Windsor, C. M. (1998). "What makes a neutral imino dieneophile undergo a thermal, non-catalysed, Diels-Alder reaction?". Tetrahedron. 54 (22): 6035. doi:10.1016/S0040-4020(98)00284-1.
@article{Whiting98,
    author  = "A. Whiting AND C.M. Windsor",
    year    = "1998",
    journal = "Tetrahedron",
    volume  = "54",
    number  = "22",
    pages   = "6035"
}


Corey, E. J.; Bakshi, R. K.; Shibata, S. (1987), "Highly enantioselective borane reduction of ketones catalyzed by chiral oxazaborolidines. Mechanism and synthetic implications", Journal of the American Chemical Society, 109: 5551–5553

@article{Corey87,
    author  = "E.J. Corey AND R.K. Bakshi AND S. Shibata",
    year    = "1987",
    journal = "J. Am. Chem. Soc.",
    volume  = "109",
    pages   = "5551--5553"
}

Nitro reduction into amine with HSiCl3
Org. Lett., 2015, 17 (16), pp 3941–3943
@article{Orlandini15,
    author  = "M. Orlandi AND F. Tosi AND M. Bonsignore AND M. Benaglia",
    year    = "2015",
    journal = "Org. Lett.",
    volume  = "17",
    number  = "16",
    pages   = "3941--3943"
}

Amide reduction into imine
J. AM. CHEM. SOC. 2010, 132, 12817–12819 9 12817
@article{Charette10,
    author  = "G. Pelletier AND W.S. Bechara AND A.B. Charette",
    year    = "2010",
    journal = "J. Am. Chem. Soc.",
    volume  = "132",
    pages   = "12817--12819"
}  

Mild deprotection acetal
J. Org. Chem. 2004, 69, 8932-8934
@article{Hu04,
    author  = "J. Sun AND Y. Dong AND L. Cao AND X. Wang AND S. Wang AND Y. Hu",
    year    = "2004",
    journal = "J. Org. Chem.",
    volume  = "69",
    pages   = "8932--8934"
}  

Wolff-Kischner
Kishner, N (1911). "Wolff–Kishner reduction; Huang–Minlon modification". J. Russ. Phys. Chem. Soc. 43: 582–595.
@article{Hu04,
    author  = "J. Sun AND Y. Dong AND L. Cao AND X. Wang AND S. Wang AND Y. Hu",
    year    = "2004",
    journal = "J. Org. Chem.",
    volume  = "69",
    pages   = "8932--8934"
}  

Ester dehydrogenation
Reich, H. J.; Reich, I. L.; Renga, J. M. J. Am. Chem. Soc. 1973, 95, 5813.
@article{Reich73,
    author  = "H. J. Reich AND I.L. Reich AND J.M. Renga",
    year    = "1973",
    journal = "J. Am. Chem. Soc.",
    volume  = "95",
    pages   = "5813"
}  
Sharpless, K. B.; Lauer, R. F.; Teranishi, A. Y. J. Am. Chem. Soc. 1973, 95, 6137
@article{Sharpless73,
    author  = "K.B. Sharpless AND R.F. Lauer AND A.Y. Teranishi",
    year    = "1973",
    journal = "J. Am. Chem. Soc.",
    volume  = "95",
    pages   = "6137"
}  









NHC-ester MnO2
Org Lett. 2008 October 2; 10(19): 4331–4334.
@article{Hu04,
    author  = "B.E. Maki AND K.A. Scheidt",
    year    = "2008",
    journal = "Org. Lett.",
    volume  = "10",
    number  = "19",
    pages   = "4331–-4334"
}  

NHC-ester metal-free
J. AM. CHEM. SOC. 2010, 132, 1190–1191
@article{Hu04,
    author  = "S.D. Sarkar AND S. Grimme AND A. Studer",
    year    = "2010",
    journal = "J. Am. Chem. Soc",
    volume  = "132",
    pages   = "1190-–1191"
}  































Acylsilane from morpholine amide
J. AM. CHEM. SOC. 2010, 132, 1190–1191
@article{Scheidt04,
    author  = "C.T. Clark AND B.C. Milgram AND K.A. Scheidt",
    year    = "2004",
    journal = "Org. Lett.",
    volume  = "6",
    number  = "22",
    pages   = "3977--3980"
}  

Cyclopentadiene
Synlett 2014, 25, 1168–1172
@article{Greatrex14,
    author  = "K.P. Stockton AND J.P. May AND D.K. Taylor AND B.W. Greatrex",
    year    = "2014",
    journal = "Syn. Lett.",
    volume  = "25",
    pages   = "1168--1172"
}  

Alkene aziridination
K. Matsuzawa, Y. Nagasawa, E. Yamaguchi, N. Tada, A. Itoh, Synthesis, 2016, 48, 2845-2850
@article{Itoh16,
    author  = "K. Matsuzawa AND Y. Nagasawa AND E. Yamaguchi AND N. Tada AND A. Itoh",
    year    = "2016",
    journal = "Synthesis",
    volume  = "48",
    pages   = "2845--2580"
}  

Asymmetric ozonolysis
Aggarwal, V. K.; Roseblade, S.; Alexander, R. Org. Biomol. Chem. 2003, 1, 684-691.
@article{Alexander03,
    author  = "V.K. Aggarwal AND S. Roseblade AND R Alexander",
    year    = "2003",
    journal = "Org. Biomol. Chem",
    volume  = "1",
    pages   = "684--691"
} 
Jingchao Chen, Yan Xie, Jingbo Chen, , Hongbin Zhang, Volume 71, Issue 22, 3 June 2015, Pages 3747–3755
@article{Zhang15,
    author  = "J. Chen AND Yan Xie AND J. Chen AND H. Zhang,",
    year    = "2015",
    journal = "Tetrahedron",
    volume  = "71",
    number  = "22",
    pages   = "3747--3755"
}  

methylcyclohexene ozonolysis
Chevalley, Alice et al
From European Journal of Organic Chemistry, 2013(36), 8265-8278; 2013
@article{Chevalley13,
    author  = "A. Chevalley AND J. Prunet AND M. Mauduit AND J.-P. F\'{e}r\'{e}zou",
    year    = "2013",
    journal = "Eur. J. Org. Chem.",
    volume  = "2013",
    number  = "36",
    pages   = "8265--8268"
}  



Aziridine synthesis from aldehyde
Pelissier Adv. Synth. Catal. Volume 356, Issue 9 2014 Pages 1899–1935
@article{Pellissier14,
    author  = "H. Pellissier",
    year    = "2014",
    journal = "Adv. Synth. Catal.",
    volume  = "356",
    number  = "9",
    pages   = "1899--1935"
}  

Alpha chlorination of aldehyde
Pelissier J. AM. CHEM. SOC. 2004, 126, 4790-4791
@article{Jorgensen04,
    author  = "N. Halland AND A. Braunton AND S. Bachmann AND M. Marigo AND K. A. J\o{}rgensen",
    year    = "2004",
    journal = "J. Am. Chem. Soc.",
    volume  = "126",
    pages   = "4790--4791"
}  

Corey-Seebach
B. T. Grobel and D. Seebach, Synthesis, 1977, 357–402; (b)
D. Seebach, Angew. Chem., Int. Ed. Engl., 1979, 18, 239–258.
@article{Seebach77,
    author  = "N. Halland AND A. Braunton AND S. Bachmann AND M. Marigo AND K. A. J\o{}rgensen",
    year    = "1977",
    journal = "Synthesis",
    pages   = "357--402"
}  

 Morales, Sara; Guijarro, Fernando G.; García Ruano, José Luis; Cid, M. Belén (2014-01-22). "A General Aminocatalytic Method for the Synthesis of Aldimines". Journal of the American Chemical Society. 136 (3): 1082–1089
 @article{Cid13,
    author  = "S. Morales AND F.G. Guijarro AND J.L. Garc\'{i}a Ruano AND M.B Cid",
    year    = "2013",
    journal = "J. Am. Chem. Soc.",
    volume  = "136",
    number  = "3",
    pages   = "1082--1089"
}  
 
 Imine carbene
 Daniel A. DiRocco and Tomislav Rovis*
 Angew. Chem. Int. Ed. 2012, 51, 1 – 4
  @article{DiRocco12,
    author  = "D.A. DiRocco AND T. Rovis",
    year    = "2012",
    journal = "Angew. Chem. Int. Ed.",
    volume  = "21",
    pages   = "1--4"
} 

SiZr beta amino primary alcohol from epoxide
Federica Santoro Federica Zaccheria Nasrin I. Shaikh Nicoletta Ravasio
Top Catal (2012) 55:606–61
  @article{Santoro12,
    author  = "F. Santoro AND F. Zaccheria AND N.I. Shaikh AND N. Ravasio",
    year    = "2012",
    journal = "Top. Catal.",
    volume  = "5",
    pages   = "606--611"
} 

Piperidine contraction
H. Tanaka et al. / Tetrahedron Letters 43 (2002) 93–96
  @article{Tanaka02,
    author  = "H. Tanaka AND H. Sakagami AND K. Ogasawara",
    year    = "2002",
    journal = "Tet. Lett.",
    volume  = "43",
    pages   = "93--96"
} 

Facile and Highly Stereoselective One-Pot Synthesis of Either (E)- or (Z)-Nitro Alkenes
Stefania Fioravanti,* Lucio Pellacani,* Paolo A. Tardella,* and
Maria Cecilia Vergari
ORGANIC LETTERS 2008 Vol. 10, No. 7 1449-1451
 @article{Vergari08,
    author  = "S. Fioravanti AND L. Pellacani AND P.A. Tardella AND M.C. Vergari",
    year    = "2008",
    journal = "Org. Lett.",
    volume  = "10",
    number  = "7",
    pages   = "1449--1451"
}  

Mechanisms in organocatalysis
Martin Nielsen, Dennis Worgull, Theo Zweifel, Bjo¨rn Gschwend, Søren Bertelsen
and Karl Anker Jørgensen*
632 Chem. Commun., 2011, 47, 632–649
 @article{Jorgensen11,
    author  = "M. Nielsen AND D. Worgull AND T. Zweifel AND B. Gschwend AND S. Bertelsen
AND K.A. J\o{}rgensen",
    year    = "2011",
    journal = "Chem. Commun.",
    volume  = "47",
    pages   = "632--649"
}  

Enamine geometry does not shield enough
N. Halland, M. A. Lie, A. Kjærsgaard, M. Marigo, B. Schiøtt and
K. A. Jørgensen, Chem.–Eur. J., 2005, 11, 7083
 @article{Jorgensen05,
    author  = "N. Halland AND M. A. Lie AND A. Kj\ae{}rsgaard AND M. Marigo AND B. Schi\o{}tt AND K.A. J\o{}rgensen",
    year    = "2005",
    journal = "Chem. Eur. J.",
    volume  = "11",
    pages   = "7083"
}  

C. A. Marquez, F. Fabbretti and J. O. Metzger, Angew. Chem., Int.
Ed., 2007, 46, 6915
 @article{Metzger07,
    author  = "C. A. Marquez AND F. Fabbretti AND J. O. Metzgern",
    year    = "2007",
    journal = "Angew. Chem., Int. Ed.",
    volume  = "46",
    pages   = "6915"
}  

Selectivity for Riley oxidation
Tetrahedron Volume 42 Issue 13 Pages 3491-502 1986
 @article{Cervantes86,
    author  = "H. Cervantes AND D.D. Khac AND M. Fetizon AND F. Guir AND J.-C. Beloeil AND J.-Y. Lallemand AND T. Prange",
    year    = "1986",
    journal = "Tetrahedron",
    volume  = "42",
    pages   = "3491--3502"
}  
Polonski, Tadeusz; Dauter, Zbigniew 
(1972-1999)
Issue 10 Pages 1781-8
 @article{Polonskis86,
    author  = "T. Polonski AND Z. Dauter",
    year    = "2007",
    journal = "J. Chem. Soc., Perkin Trans. 1",
    volume  = "10",
    pages   = "1781--1788"
}  


Mg(ClO4)2, an Efficient Catalyst for Synthesis of β-Amino Alcohols by Ring Opening of Epoxides with Amines under Solvent-Free Conditions

@article{Jafari11,
author = "A.A. Jafari AND Moradgholi",
year  = "2011",
journal = "Synth. Com.",
volume = "41",
number = "4",
pages = "594--602"
}
        https://doi.org/10.1080/00397911003629473
    
        https://doi.org/10.1080/00397911003629473

Aliphatic alcohol reduction with Et3SiH and In III
J. Org. Chem., Vol. 66, No. 23, 2001
Makoto Yasuda, Yoshiyuki Onishi, Masako Ueba, Takashi Miyai, and Akio Baba*
@article{Baba01,
author  = "M. Yasuda AND Y. Onishi AND M. Ueba AND T. Miyai AND A. Baba",
year    = "2001",
journal = "J. Org. Chem.",
volume  = "66",
number  = "23",
pages   = "7741--7744"
}

P. J. Murphy and J. Brennan, Chem. Soc. Rev., 1988, 17, 1
@article{Murphy88,
author  = "P. J. Murphy AND J. Brennan",
year    = "1988",
journal = "Chem. Soc. Rev.",
volume  = "17",
pages   = "1"
}

Patrick J. Murphy * and Sarah E. Lee, J. Chem. Soc., Perkin Trans. 1, 1999, 3049–3066
@article{Murphy99,
author  = "P. J. Murphy AND S.E. Lee",
year    = "1999",
journal = "J. Chem. Soc., Perkin Trans.",
volume  = "1",
pages   = "3049--3066"
}

Peterson homologation applications :

A. S. Kende, T. J. Blacklock, Tetrahedron Lett. 1980, 21, 3119
http://dx.doi.org/10.1016/S0040-4039(00)77424-7
@article{Kende80,
author  = "A. S. Kende AND T. J. Blacklock",
year    = "1980",
journal = "Tetrahedron Lett",
volume  = "21",
pages   = "3119"
}

P. Magnus, G. Roy, Organometallics 1982, 1, 553
http://dx.doi.org/10.1021/om00063a027
@article{Magnus82,
author  = "P. Magnus AND G. Roy",
year    = "1982",
journal = "Organometallics",
volume  = "1",
pages   = "553"
}

Aldehyde to ester with oxone
Benjamin R. Travis, Meenakshi Sivakumar, G. Olatunji Hollist, and
Babak Borhan*
ORGANIC LETTERS 2003 Vol. 5, No. 7 1031-1034
@article{Borhan03,
author  = "B.R. Travis AND M. Sivakumar AND G.O. Hollist AND B. Borhan",
year    = "2003",
journal = "Org. Lett.",
volume  = "5",
number  = "7",
pages   = "1031--1034"
}


Aziridine reduction, chemoselective
Prabhakaran, E. N.; Nandy, J. P.; Shukla, S.; Tewari, A.; Das,
S. K.; Iqbal, J. Tetrahedron Lett. 2002, 43, 6461–6466
@article{Iqbal02,
author  = "E.N. Prabhakaran AND J.P. Nandy AND S. Shukla AND A. Tewari AND S.K. Das AND J. Iqbal",
year    = "2002",
journal = "Tetrahedron Lett",
volume  = "43",
pages   = "6461--6466"
}

Bal, B. S.; Childers, W.E.; Pinnick, H.W. (1981). "Oxidation of α,β-Unsaturated Aldehydes". Tetrahedron. 37: 2091–2096
@article{Pinnick81,
author  = "B.S. Bal AND W.E. Childers AND H.W. Pinnick",
year    = "1981",
journal = "Tetrahedron",
volume  = "37",
pages   = "2091--2096"
}

Morita Baylis Hillman MBHR
K. Morita, Z. Suzuki and H. Hirose, Bull. Chem. Soc. Jpn.,1968, 41, 2815
@article{Morita68,
author  = "K. Morita AND Z. Suzuki AND H. Hirose",
year    = "1968",
journal = "Bull. Chem. Soc. Jpn.",
volume  = "41",
pages   = "2815"
}


Strychnine
Yosuke Kaburagi, Hidetoshi Tokuyama, and Tohru Fukuyama*
J. AM. CHEM. SOC. 2004, 126, 10246-10247
@article{Fukuyama04,
author  = "Y. Kaburagi AND H. Tokuyama AND T.Fukuyama",
year    = "2004",
journal = "J. Am. Chem. Soc.",
volume  = "126",
pages   = "10246--10247"
}


Exemples macrolactamisation

Bioorg Med Chem. 1999 May;7(5):737-47.
Total synthesis and conformational studies of hapalosin, N-desmethylhapalosin and 8-deoxyhapalosin.
@article{Zhu99,
author  = "B. Wagner AND G.I Gonzalez AND M.E. Tran Hun Dau AND J. Zhu",
year    = "1999",
journal = "Bioorg Med Chem.",
volume  = "7",
number  = "5",
pages   = "737--747"
}

Zhi-wei Guo,Koji Machiya,Grzegorz M. Salamonczyk, andCharles J. Sih*
J. Org. Chem., 1998, 63 (13), pp 4269–4276
DOI: 10.1021/jo9721204
@article{Sih98,
author  = "Z. Guo AND K. Machiya AND G.M. Salamonczyk AND C.J. Sih",
year    = "1998",
journal = "J. Org. Chem.",
volume  = "63",
number  = "13",
pages   = "4269--4276"
}



Ester-acetal
By von Angerer, S. and Warriner, S. L.
Science of Synthesis, 29, 303-406; 2007
@article{Warriner07,
author  = "S. von Angerer AND S.L. Warriner",
year    = "2007",
journal = "Science of Synthesis",
volume  = "29",
pages   = "303--406"
}

By Torii, Sigeru et al
Chemistry Letters, (9), 1535-6; 1986
https://doi.org/10.1246/cl.1986.1535
@article{Torii86,
author  = "Torri AND Sigeru",
year    = "1986",
journal = "Chem.Lett.",
number  = "9",
pages   = "1535--1536"
}


Adam, Waldemar; Zhao, Cong-Gui; Jakka, Kavitha
Organic Reactions Volume69 Pages1-346 2007 
10.1002/0471264180.or069.01
@article{Kavitha07,
author  = "A. Waldemar AND Z. Cong-Gui AND J. Kavitha",
year    = "2007",
journal = "Organic Reactions",
volume  = "69",
pages   = "1--346"
}

Inverse-Electron-Demand Diels-Alder Reactions: Principles and Applications.
Chem Asian J. 2017
Png ZM, Zeng H, Ye Q, Xu J.
2142-2159. doi: 10.1002/asia.201700442
@article{Xu17,
author  = "Z.M. Png AND H. Zeng AND Q. Ye AND J. Xu",
year    = "2017",
journal = "Chem. Asian J.",
volume  = "12",
number  = "17",
pages   = "2142--2159"
}

The Source of the endo Rule in the DielsAlder Reaction: Are Secondary
Orbital Interactions Really Necessary?
Jose´ Ignacio Garcı´a,[a] Jose´ Antonio Mayoral,[a] and Luis Salvatella*[a]
Eur. J. Org. Chem. 2005, 8590 
@article{Salvatella04,
author  = "J.I. Garc\'{i}a AND J.A. Mayoral AND L. Salvatella",
year    = "2004",
journal = "J. Org. Chem.",
volume  = "2005",
number  = "1",
pages   = "85--90"
}

Ketone to hydroxyketone,Holton taxol total  synthesis
J. Am. Chem. SOC. 1994,116, 1599-1600
@article{Holton94,
author  = "R.A. Holton et al.",
year    = "1994",
journal = "J. Am. Chem. Soc.",
volume  = "116",
number  = "4",
pages   = "1599--1600"
}

Formal Syntheses of (±)-Platensimycin and (±)-Platencin via a Dual-
Mode Lewis Acid Induced Cascade Cyclization Approach
Ketone to hydroxyketone
Lizhi Zhu,† Congshan Zhou,†,‡ Wei Yang,† Shuzhong He,† Gui-Juan Cheng,† Xinhao Zhang,*,†
and Chi-Sing Lee*,†
J. Org. Chem. 2013, 78, 7912−7929
@article{Zhang2013,
author  = "L. Zhu AND C. Zhou AND W. Yang AND S. He AND G.-J. Cheng AND X. Zhang AND C.-S. Lee",
year    = "2013",
journal = "J. Org. Chem.",
volume  = "78",
pages   = "7912--7929"
}

Rubottom oxidation
Rubottom, G. M.; Vazquez, M. A.; Pelegrina, D. R. (1974). "Peracid Oxidation of Trimethylsilyl Enol Ethers: a Facile Α-Hydroxylation Procedure". Tetrahedron Lett. 15 (49–50): 4319–4322. doi:10.1016/S0040-4039(01)92153-7.
@article{Rubottom74,
author  = "G.M. Rubottom AND M.A. Vazquez AND D.R. Pelegrina",
year    = "1974",
journal = "Tetrahedron Lett.",
volume  = "15",
number  = "49-50",
pages   = "4319--4322"
}

Lobry de Bruyn-Alberda
van Ekenstein Transformation
Comprehensive Organic Name Reactions and Reagents, by Zerong Wang
Copyright © 2010 John Wiley \& Sons, Inc.
@book{Wang10,
author  = "Z. Wang",
year    = "2010",
publisher = "John Wiley \& Sons, Inc.",
title   = "Comprehensive Organic Name Reactions and Reagents",
pages   = "1763--1766"
}


CCL
T Newhouse, P S Baran and R W Hoffmann, Chem. Soc. Rev., 2009, 38, 3010 (DOI: 10.1039/b821200g)
@article{Baran09,
author  = "T. Newhouse AND P.S. Baran AND R.W. Hoffmann",
year    = "2009",
journal = "Chem. Soc. Rev.",
volume  = "38",
number  = "49-50",
pages   = "3010"
}


Michael a-b unsaturated ester + ketone
RSC Adv., 2016,6, 96154-96175
Sabita Nayak,*a  Pravati Panda,a  Sujitlal Bhakta,a  Sambita Kumar Mishraa  and  Seetaram Mohapatraa
@article{Nayak16,
author  = "S. Nayak AND P. Panda AND S. Bhakta AND S.K. Mishraa AND S. Mohapatraa",
year    = "2016",
journal = "RSC Adv.",
volume  = "6",
pages   = "96154--96175"
}

Commercially available products :
- Morpholine amide : 51 euros for 25 g on Sigma Aldrich
- Cyclopentadiene : 
- 1-Methyl-1-cyclohexene : 33.70  for 5G on
- Cyclopentene : 46.20 euros for 100 mL on Sigma Aldrich
- Cyclohexenone : 84.20 euros for 25mL on Sigma-Aldrich
- 2-Methylfuran : 54.40 euros for 100mL on Sigma-Aldrich